<?xml version="1.0" encoding="UTF-8"?><collection xmlns="http://www.loc.gov/MARC21/slim"><record><leader>00362nam--2200133-i-4500</leader><controlfield tag="001">000036792</controlfield><controlfield tag="002">20161230</controlfield><controlfield tag="005">20161230201041</controlfield><controlfield tag="008">060222s1000------------r-----000-0-eng-d</controlfield><datafield ind1=" " ind2=" " tag="080"><subfield code="a">614.8</subfield></datafield><datafield ind1=" " ind2=" " tag="100"><subfield code="a">Popa,Sotir Mihail</subfield></datafield><datafield ind1=" " ind2=" " tag="245"><subfield code="a">Progrese in protectia muncii si igiena industriala</subfield></datafield><datafield ind1=" " ind2=" " tag="260"><subfield code="a">Bucuresti,Inst.Central De Documentare Tehnica, 1967</subfield></datafield><datafield ind1=" " ind2=" " tag="852"><subfield code="a">28602</subfield></datafield></record></collection>